@online{diagrams,
  author   = {diagrams.net},
  year     = {2005},
  title    = {Outil de création de diagrammes},
  url      = {https://www.diagrams.net/},
  keywords = {diagrams}
}

@online{plan-heig,
  author   = {HEIG-VD},
  year     = {2010},
  title    = {Plan de la HEIG-VD},
  url      = {https://heig-vd.ch/campus/mobilite/venir-a-la-heig-vd},
  keywords = {plan}
}

@online{plan-epfl,
  author   = {EPFL},
  year     = {2018},
  title    = {Plan de l'EPFL},
  url      = {https://plan.epfl.ch},
  keywords = {plan}
}

@online{geoportail-epfl,
  author   = {EPFL},
  year     = {2018},
  title    = {Géoportail de l'EPFL},
  url      = {https://geoportail.epfl.ch/ },
  keywords = {plan}
}

@online{mit-map,
  author   = {MIT},
  year     = {2013},
  title    = {plan du campus du MIT},
  url      = {https://whereis.mit.edu/ },
  keywords = {plan}
}

@online{sitn,
  author   = {SITN},
  year     = {2010},
  title    = {Géoportail du système d'informations du territoire neuchâtelois},
  url      = {https://sitn.ne.ch/},
  keywords = {plan}
}

@online{standford-map,
  author   = {Stanford},
  year     = {2010},
  title    = {Plan du campus de Stanford},
  url      = {https://campus-map.stanford.edu/},
  keywords = {plan}
}

@online{zurich-aeroport,
  author   = {Zurich aéroport},
  year     = {2010},
  title    = {Plan du campus de Stanford},
  url      = {https://campus-map.stanford.edu/},
  keywords = {plan}
}

@online{architecture-webgis,
  author   = {Conte},
  year     = {2020},
  title    = {Réfléchir son architecture d'application cartographique : du serveur au client},
  url      = {https://veillecarto2-0.fr/2020/04/29/reflechir-son-architecture-dapplication-cartographique-du-serveur-au-client/},
  keywords = {architecture, information}
}

@online{ngeo,
  author   = {camptocamp},
  year     = {2014},
  title    = {camptocamp/ngeo},
  url      = {https://github.com/camptocamp/Ngeo/},
  keywords = {documentation}
}

@online{c2cgeoportal,
  author   = {camptocamp},
  year     = {2012},
  title    = {camptocamp/c2cgeoportal},
  url      = {https://github.com/camptocamp/c2cgeoportal/},
  keywords = {documentation}
}

@online{openlayers,
  author   = {Openlayers},
  year     = {2013},
  title    = {Openlayers},
  url      = {https://openlayers.org/},
  keywords = {documentation}
}

@online{leaflet,
  author   = {Leaflet},
  year     = {2011},
  title    = {Leaflet},
  url      = {https://leafletjs.com/},
  keywords = {documentation}
}

@online{google-maps,
  author   = {Google},
  year     = {2005},
  title    = {Google maps api},
  url      = {https://developers.google.com/maps},
  keywords = {documentation}
}

@online{geoserver,
  author   = {Geoserver},
  year     = {2001},
  title    = {Geoserver},
  url      = {https://docs.geoserver.org/},
  keywords = {documentation}
}

@online{qgis,
  author   = {Qgis},
  year     = {2002},
  title    = {Qgis},
  url      = {https://docs.qgis.org/3.22/en/docs/index.html},
  keywords = {documentation}
}

@online{arcgis,
  author   = {ArcGis},
  year     = {1999},
  title    = {ArcGis server},
  url      = {https://enterprise.arcgis.com/en/server/latest/get-started/windows/what-is-arcgis-for-server-.htm },
  keywords = {documentation}
}

@online{mapserver,
  author   = {MapServer},
  year     = {1990},
  title    = {MapServer},
  url      = {https://mapserver.org/ },
  keywords = {documentation}
}

@online{postgis,
  author   = {PostGIS},
  year     = {2005},
  title    = {PostGIS},
  url      = {https://postgis.net/ },
  keywords = {documentation}
}